Details,Posting Date,Description,Amount,Type,Balance,Check or Slip #
DEBIT,12/30/2020,"ORIG CO NAME:PUBLIC SERVICE         ORIG ID:4221212800 DESC DATE:       CO ENTRY DESCR:PSEG      SEC:PPD    TRACE#:091000015616367 EED:201230   IND ID:                             IND NAME:JONATHAN YEE TRN: 3655616367TC",-162.27,ACH_DEBIT,19381.49,,
DEBIT,12/28/2020,"ORIG CO NAME:ESTATES AT WATER       ORIG ID:2HOA       DESC DATE:       CO ENTRY DESCR:ESTATES ATSEC:WEB    TRACE#:104002898386650 EED:201228   IND ID:FT189786437                  IND NAME:Jonathan Yee TRN: 3638386650TC",-310.00,ACH_DEBIT,19543.76,,
DEBIT,12/28/2020,"ORIG CO NAME:CHASE CREDIT CRD       ORIG ID:4760039224 DESC DATE:201225 CO ENTRY DESCR:AUTOPAYBUSSEC:PPD    TRACE#:021000026858804 EED:201228   IND ID:                             IND NAME:YEE JONATHAN E-HYGH TRN: 3636858804TC",-1927.76,ACH_DEBIT,19853.76,,
DEBIT,12/28/2020,"COSTCO WHSE #0322 BRIDGEWATER NJ     542524  12/26",-154.28,DEBIT_CARD,21781.52,,
DEBIT,12/24/2020,"ORIG CO NAME:EXXONMOBIL             ORIG ID:CITIAUTFDR DESC DATE:201223 CO ENTRY DESCR:AUTO PYMT SEC:WEB    TRACE#:122402158490458 EED:201224   IND ID:720283322440152              IND NAME:FANG CAO TRN: 3598490458TC",-70.70,ACH_DEBIT,21935.80,,
DEBIT,12/21/2020,"COSTCO WHSE #0322 BRIDGEWATER NJ     530873  12/19",-121.58,DEBIT_CARD,22006.50,,
CHECK,12/15/2020,"CHECK 181  ",-58.24,CHECK_PAID,22128.08,181,
CREDIT,12/15/2020,"ORIG CO NAME:MOMENTUM RESOURC       ORIG ID:1223615098 DESC DATE:       CO ENTRY DESCR:PAYROLL   SEC:PPD    TRACE#:043000098351873 EED:201215   IND ID:                             IND NAME:ENTREPIDEA LLC TRN: 3508351873TC",16800.00,ACH_CREDIT,22186.32,,
DEBIT,12/14/2020,"COSTCO WHSE #0322 BRIDGEWATER NJ     291624  12/12",-108.86,DEBIT_CARD,5386.32,,
DEBIT,12/11/2020,"ORIG CO NAME:IRS                    ORIG ID:3387702000 DESC DATE:121120 CO ENTRY DESCR:USATAXPYMTSEC:CCD    TRACE#:061036010112796 EED:201211   IND ID:270074643576260              IND NAME:ENTREPIDEA LLC TRN: 3460112796TC",-673.17,ACH_DEBIT,5495.18,,
DEBIT,12/10/2020,"ORIG CO NAME:ROBINHOOD              ORIG ID:1464364776 DESC DATE:201209 CO ENTRY DESCR:Funds     SEC:WEB    TRACE#:071000288461178 EED:201210   IND ID:815592902                    IND NAME:Jonathan Yee TRN: 3458461178TC",-2500.00,ACH_DEBIT,6168.35,,
DEBIT,12/08/2020,"ORIG CO NAME:NEW JERSEY - AME       ORIG ID:7221546642 DESC DATE:120820 CO ENTRY DESCR:PAYMENT   SEC:PPD    TRACE#:043000263900511 EED:201208   IND ID:                             IND NAME:JONATHAN E-HYGH YEE TRN: 3433900511TC",-108.05,ACH_DEBIT,8668.35,,
DEBIT,12/07/2020,"ORIG CO NAME:PARK CITY 3&4 AP       ORIG ID:1133072978 DESC DATE:DEC 20 CO ENTRY DESCR:MAINT FEESSEC:PPD    TRACE#:026013571123286 EED:201207   IND ID:                             IND NAME:ENTREPIDEA, LLC TRN: 3421123286TC",-685.72,ACH_DEBIT,8776.40,,
CHECK,12/07/2020,"CHECK 175  ",-1030.52,CHECK_PAID,9462.12,175,
DEBIT,12/07/2020,"COSTCO WHSE #0322 BRIDGEWATER NJ     201217  12/05",-123.26,DEBIT_CARD,10492.64,,
DEBIT,12/04/2020,"ORIG CO NAME:CITI AUTOPAY           ORIG ID:CITICARDAP DESC DATE:201203 CO ENTRY DESCR:PAYMENT   SEC:WEB    TRACE#:091409687703240 EED:201204   IND ID:080292086230123              IND NAME:FANG CAO TRN: 3397703240TC",-525.77,ACH_DEBIT,10615.90,,
DEBIT,12/03/2020,"ORIG CO NAME:BEST BUY               ORIG ID:CITICTP    DESC DATE:201202 CO ENTRY DESCR:PAYMENT   SEC:WEB    TRACE#:091409686026510 EED:201203   IND ID:150290759314550              IND NAME:JONATHAN YEE TRN: 3386026510TC",-218.24,ACH_DEBIT,11141.67,,
DEBIT,12/02/2020,"ORIG CO NAME:AMHERST MEWS HOM       ORIG ID:HOAPAYMENT DESC DATE:       CO ENTRY DESCR:Assn Dues SEC:WEB    TRACE#:122105986776323 EED:201202   IND ID:22079452                     IND NAME:Jonathan Yee TRN: 3376776323TC",-580.00,ACH_DEBIT,11359.91,,
DEBIT,12/02/2020,"GOOGLE*GSUITE ENTREPID INTERNET CA           12/01",-6.00,DEBIT_CARD,11939.91,,
DEBIT,12/01/2020,"ORIG CO NAME:PUBLIC SERVICE         ORIG ID:4221212800 DESC DATE:       CO ENTRY DESCR:PSEG      SEC:PPD    TRACE#:091000010233374 EED:201201   IND ID:                             IND NAME:JONATHAN YEE TRN: 3360233374TC",-92.22,ACH_DEBIT,11945.91,,
DEBIT,12/01/2020,"QuickPay with Zelle payment to Fabio 10737238948",-40.00,QUICKPAY_DEBIT,12038.13,,
DEBIT,12/01/2020,"IMPARK00720024A REGO PARK NY                 11/30",-3.00,DEBIT_CARD,12078.13,,
DEBIT,11/30/2020,"SHOPRITE MILLBURN S1 MILLBURN NJ     952878  11/30",-42.70,DEBIT_CARD,12081.13,,
DEBIT,11/27/2020,"ORIG CO NAME:CHASE CREDIT CRD       ORIG ID:4760039224 DESC DATE:201126 CO ENTRY DESCR:AUTOPAYBUSSEC:PPD    TRACE#:021000025189324 EED:201127   IND ID:                             IND NAME:YEE JONATHAN E-HYGH TRN: 3325189324TC",-2193.50,ACH_DEBIT,12123.83,,
DEBIT,11/24/2020,"ORIG CO NAME:EXXONMOBIL             ORIG ID:CITIAUTFDR DESC DATE:201123 CO ENTRY DESCR:AUTO PYMT SEC:WEB    TRACE#:122402157304742 EED:201124   IND ID:720256502390720              IND NAME:FANG CAO TRN: 3297304742TC",-34.72,ACH_DEBIT,14317.33,,
DEBIT,11/23/2020,"MCDONALD'S F13283 E WHITEHOUSE NJ            11/21",-3.82,DEBIT_CARD,14352.05,,
DEBIT,11/13/2020,"ORIG CO NAME:IRS                    ORIG ID:3387702000 DESC DATE:111320 CO ENTRY DESCR:USATAXPYMTSEC:CCD    TRACE#:061036013063595 EED:201113   IND ID:270071890349836              IND NAME:ENTREPIDEA LLC TRN: 3183063595TC",-673.17,ACH_DEBIT,14355.87,,
CREDIT,11/13/2020,"ORIG CO NAME:MOMENTUM RESOURC       ORIG ID:1223615098 DESC DATE:       CO ENTRY DESCR:PAYROLL   SEC:PPD    TRACE#:043000099951989 EED:201113   IND ID:                             IND NAME:ENTREPIDEA LLC TRN: 3189951989TC",8400.00,ACH_CREDIT,15029.04,,
DEBIT,11/05/2020,"ORIG CO NAME:PARK CITY 3&4 AP       ORIG ID:1133072978 DESC DATE:NOV 20 CO ENTRY DESCR:MAINT FEESSEC:PPD    TRACE#:026013570626588 EED:201105   IND ID:                             IND NAME:ENTREPIDEA, LLC TRN: 3100626588TC",-680.85,ACH_DEBIT,6629.04,,
CREDIT,11/05/2020,"REAL TIME TRANSFER RECD FROM ABA/021000021 FROM: JONATHAN E YEE REF: MMS-10586596189 INFO:  IID: 20201105021000021P1BRJPM00000011703 RECD: 09:24:11 TRN: 0586596189RX",5000.00,MISC_CREDIT,7309.89,,
DEBIT,11/04/2020,"ORIG CO NAME:CITI AUTOPAY           ORIG ID:CITICARDAP DESC DATE:201103 CO ENTRY DESCR:PAYMENT   SEC:WEB    TRACE#:091409685795684 EED:201104   IND ID:080266166301955              IND NAME:FANG CAO TRN: 3095795684TC",-192.37,ACH_DEBIT,2309.89,,
DEBIT,11/03/2020,"ORIG CO NAME:NEW JERSEY - AME       ORIG ID:7221546642 DESC DATE:110320 CO ENTRY DESCR:PAYMENT   SEC:PPD    TRACE#:043000263960316 EED:201103   IND ID:                             IND NAME:JONATHAN E-HYGH YEE TRN: 3083960316TC",-104.08,ACH_DEBIT,2502.26,,
DEBIT,11/03/2020,"ORIG CO NAME:AMHERST MEWS HOM       ORIG ID:HOAPAYMENT DESC DATE:       CO ENTRY DESCR:Assn Dues SEC:WEB    TRACE#:122105983602968 EED:201103   IND ID:21861690                     IND NAME:Jonathan Yee TRN: 3083602968TC",-580.00,ACH_DEBIT,2606.34,,
DEBIT,11/02/2020,"GOOGLE  GSUITE_entrepi 650-2530000 CA        11/02",-6.00,DEBIT_CARD,3186.34,,
DEBIT,10/29/2020,"ORIG CO NAME:PUBLIC SERVICE         ORIG ID:4221212800 DESC DATE:       CO ENTRY DESCR:PSEG      SEC:PPD    TRACE#:091000017362915 EED:201029   IND ID:                             IND NAME:JONATHAN YEE TRN: 3037362915TC",-37.49,ACH_DEBIT,3192.34,,
DEBIT,10/28/2020,"ORIG CO NAME:NEW JERSEY EFT T       ORIG ID:7216000928 DESC DATE:       CO ENTRY DESCR:NJWEB45   SEC:CCD    TRACE#:031100208105118 EED:201028   IND ID:091000013879092              IND NAME:ENTREPIDEA LLC             TXP*B824038895000*01170*200930*T*16 518*****ENTR\ TRN: 3028105118TC",-165.18,ACH_DEBIT,3229.83,,
DEBIT,10/28/2020,"ORIG CO NAME:NJ GIT / LBR PMT       ORIG ID:7216000928 DESC DATE:       CO ENTRY DESCR:NJWEB82   SEC:CCD    TRACE#:031100208105299 EED:201028   IND ID:091000013883101              IND NAME:ENTREPIDEA LLC             TXP*B824038895000*13002*200930*T*41 483*****ENTR\ TRN: 3028105299TC",-414.83,ACH_DEBIT,3395.01,,
DEBIT,10/27/2020,"ORIG CO NAME:CHASE CREDIT CRD       ORIG ID:4760039224 DESC DATE:201026 CO ENTRY DESCR:AUTOPAYBUSSEC:PPD    TRACE#:021000020965209 EED:201027   IND ID:                             IND NAME:YEE JONATHAN E-HYGH TRN: 3010965209TC",-1857.03,ACH_DEBIT,3809.84,,
DEBIT,10/26/2020,"ORIG CO NAME:EXXONMOBIL             ORIG ID:CITIAUTFDR DESC DATE:201023 CO ENTRY DESCR:AUTO PYMT SEC:WEB    TRACE#:122402155143763 EED:201026   IND ID:720230582250632              IND NAME:FANG CAO TRN: 3005143763TC",-75.84,ACH_DEBIT,5666.87,,
DEBIT,10/20/2020,"MTA*LIRR STATION TIX JAMAICA NY              10/19",-10.75,DEBIT_CARD,5742.71,,
DEBIT,10/19/2020,"ATM WITHDRAWAL                       005056  10/193901 MAIN",-500.00,ATM,5753.46,,
DEBIT,10/19/2020,"ATM WITHDRAWAL                       002378  10/193901 MAIN",-500.00,ATM,6253.46,,
CHECK,10/16/2020,"CHECK 180  ",-200.00,CHECK_PAID,6753.46,180,
CREDIT,10/16/2020,"REAL TIME TRANSFER RECD FROM ABA/021000021 FROM: JONATHAN E YEE REF: MMS-10474437264 INFO:  IID: 20201016021000021P1BRJPM00020024102 RECD: 12:22:21 TRN: 0474437264RX",5000.00,MISC_CREDIT,6953.46,,
DEBIT,10/13/2020,"ORIG CO NAME:IRS                    ORIG ID:3387702000 DESC DATE:101320 CO ENTRY DESCR:USATAXPYMTSEC:CCD    TRACE#:061036011686263 EED:201013   IND ID:270068782955878              IND NAME:ENTREPIDEA LLC TRN: 2871686263TC",-673.10,ACH_DEBIT,1953.46,,
DEBIT,10/06/2020,"ORIG CO NAME:NEW JERSEY - AME       ORIG ID:7221546642 DESC DATE:100620 CO ENTRY DESCR:PAYMENT   SEC:PPD    TRACE#:043000267199688 EED:201006   IND ID:                             IND NAME:JONATHAN E-HYGH YEE TRN: 2807199688TC",-104.08,ACH_DEBIT,2626.56,,
DEBIT,10/06/2020,"ORIG CO NAME:CITI AUTOPAY           ORIG ID:CITICARDAP DESC DATE:201005 CO ENTRY DESCR:PAYMENT   SEC:WEB    TRACE#:091409686628074 EED:201006   IND ID:080241074223020              IND NAME:FANG CAO TRN: 2806628074TC",-562.29,ACH_DEBIT,2730.64,,
DEBIT,10/05/2020,"ORIG CO NAME:PARK CITY 3&4 AP       ORIG ID:1133072978 DESC DATE:OCT 20 CO ENTRY DESCR:MAINT FEESSEC:PPD    TRACE#:026013578446907 EED:201005   IND ID:                             IND NAME:ENTREPIDEA, LLC TRN: 2798446907TC",-698.43,ACH_DEBIT,3292.93,,
DEBIT,10/02/2020,"ORIG CO NAME:AMHERST MEWS HOM       ORIG ID:HOAPAYMENT DESC DATE:       CO ENTRY DESCR:Assn Dues SEC:WEB    TRACE#:122105980242706 EED:201002   IND ID:21516679                     IND NAME:Jonathan Yee TRN: 2760242706TC",-580.00,ACH_DEBIT,3991.36,,
DEBIT,10/02/2020,"GOOGLE *GSUITE_entre cc@google.com CA        10/02",-6.00,DEBIT_CARD,4571.36,,
DEBIT,09/30/2020,"MONTHLY SERVICE FEE",-12.00,FEE_TRANSACTION,4577.36,,
DEBIT,09/30/2020,"ORIG CO NAME:PUBLIC SERVICE         ORIG ID:4221212800 DESC DATE:       CO ENTRY DESCR:PSEG      SEC:PPD    TRACE#:091000011372543 EED:200930   IND ID:                             IND NAME:JONATHAN YEE TRN: 2741372543TC",-19.23,ACH_DEBIT,4589.36,,
CHECK,09/28/2020,"CHECK 179  ",-555.00,CHECK_PAID,4608.59,179,
CREDIT,09/28/2020,"REAL TIME TRANSFER RECD FROM ABA/021000021 FROM: JONATHAN E YEE REF: MMS-10355343841 INFO:  IID: 20200926021000021P1BRJPM00550009573 RECD: 09:14:28 TRN: 0355343841RX",5000.00,MISC_CREDIT,5163.59,,
DEBIT,09/25/2020,"ORIG CO NAME:CHASE CREDIT CRD       ORIG ID:4760039224 DESC DATE:200925 CO ENTRY DESCR:AUTOPAYBUSSEC:PPD    TRACE#:021000025417825 EED:200925   IND ID:                             IND NAME:YEE JONATHAN E-HYGH TRN: 2695417825TC",-2021.62,ACH_DEBIT,163.59,,
CHECK,09/24/2020,"CHECK 217  ",-9.35,CHECK_PAID,2185.21,217,
DEBIT,09/24/2020,"ORIG CO NAME:EXXONMOBIL             ORIG ID:CITIAUTFDR DESC DATE:200923 CO ENTRY DESCR:AUTO PYMT SEC:WEB    TRACE#:122402151848432 EED:200924   IND ID:720203798210655              IND NAME:FANG CAO TRN: 2681848432TC",-54.47,ACH_DEBIT,2194.56,,
DEBIT,09/14/2020,"ORIG CO NAME:IRS                    ORIG ID:3387702000 DESC DATE:091420 CO ENTRY DESCR:USATAXPYMTSEC:CCD    TRACE#:061036016505018 EED:200914   IND ID:270065872510488              IND NAME:ENTREPIDEA LLC TRN: 2586505018TC",-673.20,ACH_DEBIT,2249.03,,
DEBIT,09/08/2020,"ORIG CO NAME:PARK CITY 3&4 AP       ORIG ID:1133072978 DESC DATE:SEP 20 CO ENTRY DESCR:MAINT FEESSEC:PPD    TRACE#:026013571526931 EED:200908   IND ID:                             IND NAME:ENTREPIDEA, LLC TRN: 2521526931TC",-632.05,ACH_DEBIT,2922.23,,
DEBIT,09/04/2020,"ORIG CO NAME:CITI AUTOPAY           ORIG ID:CITICARDAP DESC DATE:200903 CO ENTRY DESCR:PAYMENT   SEC:WEB    TRACE#:091409688944082 EED:200904   IND ID:080213426242780              IND NAME:FANG CAO TRN: 2488944082TC",-500.53,ACH_DEBIT,3554.28,,
DEBIT,09/03/2020,"ORIG CO NAME:NEW JERSEY - AME       ORIG ID:7221546642 DESC DATE:090320 CO ENTRY DESCR:PAYMENT   SEC:PPD    TRACE#:043000267710369 EED:200903   IND ID:                             IND NAME:JONATHAN E-HYGH YEE TRN: 2477710369TC",-143.75,ACH_DEBIT,4054.81,,
DEBIT,09/02/2020,"ORIG CO NAME:AMHERST MEWS HOM       ORIG ID:HOAPAYMENT DESC DATE:       CO ENTRY DESCR:Assn Dues SEC:WEB    TRACE#:122105980944254 EED:200902   IND ID:21223217                     IND NAME:Jonathan Yee TRN: 2460944254TC",-580.00,ACH_DEBIT,4198.56,,
CHECK,09/02/2020,"CHECK 178  ",-4176.00,CHECK_PAID,4778.56,178,
DEBIT,09/02/2020,"GOOGLE *GSUITE_entre cc@google.com CA        09/01",-6.00,DEBIT_CARD,8954.56,,
DEBIT,08/31/2020,"ORIG CO NAME:PUBLIC SERVICE         ORIG ID:4221212800 DESC DATE:       CO ENTRY DESCR:PSEG      SEC:PPD    TRACE#:091000010856854 EED:200831   IND ID:                             IND NAME:JONATHAN YEE TRN: 2440856854TC",-30.55,ACH_DEBIT,8960.56,,
CREDIT,08/28/2020,"REAL TIME TRANSFER RECD FROM ABA/021000021 FROM: JONATHAN E YEE REF: MMS-10190610028 INFO:  IID: 20200828021000021P1BRJPM00050013292 RECD: 10:10:00 TRN: 0190610028RX",5000.00,MISC_CREDIT,8991.11,,
DEBIT,08/26/2020,"ORIG CO NAME:CHASE CREDIT CRD       ORIG ID:4760039224 DESC DATE:200826 CO ENTRY DESCR:AUTOPAYBUSSEC:PPD    TRACE#:021000029337019 EED:200826   IND ID:                             IND NAME:YEE JONATHAN E-HYGH TRN: 2399337019TC",-5267.36,ACH_DEBIT,3991.11,,
DEBIT,08/24/2020,"ORIG CO NAME:EXXONMOBIL             ORIG ID:CITIAUTFDR DESC DATE:200823 CO ENTRY DESCR:AUTO PYMT SEC:WEB    TRACE#:122402156260145 EED:200824   IND ID:720177014250024              IND NAME:FANG CAO TRN: 2376260145TC",-128.99,ACH_DEBIT,9258.47,,
CHECK,08/24/2020,"CHECK 216  ",-2406.03,CHECK_PAID,9387.46,216,
CREDIT,08/21/2020,"REAL TIME TRANSFER RECD FROM ABA/021000021 FROM: JONATHAN E YEE REF: MMS-10158657487 INFO:  IID: 20200821021000021P1BRJPM00000057224 RECD: 22:19:52 TRN: 0158657487RX",5000.00,MISC_CREDIT,11793.49,,
CHECK,08/14/2020,"CHECK 176  ",-35.00,CHECK_PAID,6793.49,176,
DEBIT,08/14/2020,"ORIG CO NAME:IRS                    ORIG ID:3387702000 DESC DATE:081420 CO ENTRY DESCR:USATAXPYMTSEC:CCD    TRACE#:061036016451387 EED:200814   IND ID:270062755500107              IND NAME:ENTREPIDEA LLC TRN: 2276451387TC",-673.20,ACH_DEBIT,6828.49,,
CREDIT,08/14/2020,"ORIG CO NAME:NJEDA EMER ASST        ORIG ID:2222045817 DESC DATE:       CO ENTRY DESCR: COVIDSBGRSEC:CCD    TRACE#:091000019694442 EED:200814   IND ID:1392177                      IND NAME:ENTREPIDEA LLC TRN: 2279694442TC",1000.00,ACH_CREDIT,7501.69,,
DEBIT,08/06/2020,"COSTCO WHSE #1070 REGO PARK NY       553610  08/06",-41.86,DEBIT_CARD,6501.69,,
DEBIT,08/06/2020,"COSTCO WHSE #1070 REGO PARK NY       544365  08/06",-9.21,DEBIT_CARD,6543.55,,
DEBIT,08/05/2020,"ORIG CO NAME:PARK CITY 3&4 AP       ORIG ID:1133072978 DESC DATE:AUG 20 CO ENTRY DESCR:MAINT FEESSEC:PPD    TRACE#:026013573241332 EED:200805   IND ID:                             IND NAME:ENTREPIDEA, LLC TRN: 2183241332TC",-762.70,ACH_DEBIT,6552.76,,
DEBIT,08/04/2020,"ORIG CO NAME:NEW JERSEY - AME       ORIG ID:7221546642 DESC DATE:080420 CO ENTRY DESCR:PAYMENT   SEC:PPD    TRACE#:043000263244000 EED:200804   IND ID:                             IND NAME:JONATHAN E-HYGH YEE TRN: 2173244000TC",-143.75,ACH_DEBIT,7315.46,,
CHECK,08/04/2020,"CHECK 171  ",-350.00,CHECK_PAID,7459.21,171,
DEBIT,08/04/2020,"ORIG CO NAME:AMHERST MEWS HOM       ORIG ID:HOAPAYMENT DESC DATE:       CO ENTRY DESCR:Assn Dues SEC:WEB    TRACE#:122105982326674 EED:200804   IND ID:21044262                     IND NAME:Jonathan Yee TRN: 2172326674TC",-580.00,ACH_DEBIT,7809.21,,
DEBIT,08/04/2020,"ORIG CO NAME:CITI AUTOPAY           ORIG ID:CITICARDAP DESC DATE:200803 CO ENTRY DESCR:PAYMENT   SEC:WEB    TRACE#:091409682330384 EED:200804   IND ID:080186643962354              IND NAME:FANG CAO TRN: 2172330384TC",-590.63,ACH_DEBIT,8389.21,,
CHECK,08/04/2020,"CHECK 172  ",-1700.00,CHECK_PAID,8979.84,172,
DEBIT,08/03/2020,"COSTCO WHSE #0322 BRIDGEWATER NJ     568621  08/02",-230.37,DEBIT_CARD,10679.84,,
DEBIT,08/03/2020,"GOOGLE  GSUITE_entrepi 650-2530000 CA        08/02",-6.00,DEBIT_CARD,10910.21,,
CREDIT,08/03/2020,"REAL TIME TRANSFER RECD FROM ABA/021000021 FROM: JONATHAN E YEE REF: MMS-10053979281 INFO:  IID: 20200803021000021P1BRJPM00630012050 RECD: 10:18:19 TRN: 0053979281RX",5000.00,MISC_CREDIT,10916.21,,
DEBIT,07/31/2020,"ORIG CO NAME:PUBLIC SERVICE         ORIG ID:4221212800 DESC DATE:       CO ENTRY DESCR:PSEG      SEC:PPD    TRACE#:091000019934036 EED:200731   IND ID:                             IND NAME:JONATHAN YEE TRN: 2139934036TC",-38.36,ACH_DEBIT,5916.21,,
DEBIT,07/30/2020,"ORIG CO NAME:ROBINHOOD              ORIG ID:1464364776 DESC DATE:200729 CO ENTRY DESCR:Funds     SEC:WEB    TRACE#:071000284749256 EED:200730   IND ID:815592902                    IND NAME:Jonathan Yee TRN: 2124749256TC",-5000.00,ACH_DEBIT,5954.57,,
DEBIT,07/29/2020,"ORIG CO NAME:ESTATES AT WATER       ORIG ID:2HOA       DESC DATE:       CO ENTRY DESCR:ESTATES ATSEC:WEB    TRACE#:104002893927678 EED:200729   IND ID:FT175782984                  IND NAME:Jonathan Yee TRN: 2113927678TC",-310.00,ACH_DEBIT,10954.57,,
DEBIT,07/27/2020,"ORIG CO NAME:NEW JERSEY EFT T       ORIG ID:7216000928 DESC DATE:       CO ENTRY DESCR:NJWEB45   SEC:CCD    TRACE#:031100206030930 EED:200727   IND ID:091000013051862              IND NAME:ENTREPIDEA LLC             TXP*B824038895000*01170*200630*T*33 036*****ENTR\ TRN: 2096030930TC",-330.36,ACH_DEBIT,11264.57,,
DEBIT,07/27/2020,"ORIG CO NAME:NJ GIT / LBR PMT       ORIG ID:7216000928 DESC DATE:       CO ENTRY DESCR:NJWEB82   SEC:CCD    TRACE#:031100206031073 EED:200727   IND ID:091000013055720              IND NAME:ENTREPIDEA LLC             TXP*B824038895000*13002*200630*T*82 967*****ENTR\ TRN: 2096031073TC",-829.67,ACH_DEBIT,11594.93,,
DEBIT,07/27/2020,"ORIG CO NAME:CHASE CREDIT CRD       ORIG ID:4760039224 DESC DATE:200726 CO ENTRY DESCR:AUTOPAYBUSSEC:PPD    TRACE#:021000028299359 EED:200727   IND ID:                             IND NAME:YEE JONATHAN E-HYGH TRN: 2098299359TC",-1356.04,ACH_DEBIT,12424.60,,
DEBIT,07/27/2020,"COSTCO WHSE #0322 BRIDGEWATER NJ     220641  07/26",-122.56,DEBIT_CARD,13780.64,,
DEBIT,07/24/2020,"ORIG CO NAME:EXXONMOBIL             ORIG ID:CITIAUTFDR DESC DATE:200723 CO ENTRY DESCR:AUTO PYMT SEC:WEB    TRACE#:122402157711988 EED:200724   IND ID:720151094300178              IND NAME:FANG CAO TRN: 2067711988TC",-75.39,ACH_DEBIT,13903.20,,
CREDIT,07/22/2020,"ORIG CO NAME:JPMorgan Chase         ORIG ID:9200502231 DESC DATE:200722 CO ENTRY DESCR:Ext TrnsfrSEC:CCD    TRACE#:021000021431621 EED:200722   IND ID:9977210785                   IND NAME:JONATHAN E YEE TRN: 2041431621TC",10000.00,ACH_CREDIT,13978.59,,
DEBIT,07/21/2020,"ORIG CO NAME:IRS                    ORIG ID:3387702000 DESC DATE:072120 CO ENTRY DESCR:USATAXPYMTSEC:CCD    TRACE#:061036013331518 EED:200721   IND ID:270060300999657              IND NAME:ENTREPIDEA LLC TRN: 2033331518TC",-673.17,ACH_DEBIT,3978.59,,
CHECK,07/20/2020,"CHECK 215  ",-1402.45,CHECK_PAID,4651.76,215,
CHECK,07/20/2020,"CHECK 170  ",-1402.45,CHECK_PAID,6054.21,170,
CHECK,07/20/2020,"CHECK 214  ",-1402.45,CHECK_PAID,7456.66,214,
DEBIT,07/20/2020,"COSTCO WHSE #0322 BRIDGEWATER NJ     851514  07/19",-225.93,DEBIT_CARD,8859.11,,
DEBIT,07/13/2020,"COSTCO WHSE #0322 BRIDGEWATER NJ     088159  07/11",-103.79,DEBIT_CARD,9085.04,,
DEBIT,07/06/2020,"ORIG CO NAME:CITI AUTOPAY           ORIG ID:CITICARDAP DESC DATE:200703 CO ENTRY DESCR:PAYMENT   SEC:WEB    TRACE#:091409689518582 EED:200706   IND ID:080159858320322              IND NAME:FANG CAO TRN: 1889518582TC",-747.15,ACH_DEBIT,9188.83,,
DEBIT,07/06/2020,"ORIG CO NAME:PARK CITY 3&4 AP       ORIG ID:1133072978 DESC DATE:JUL 20 CO ENTRY DESCR:MAINT FEESSEC:PPD    TRACE#:026013576695514 EED:200706   IND ID:                             IND NAME:ENTREPIDEA, LLC TRN: 1886695514TC",-785.18,ACH_DEBIT,9935.98,,
DEBIT,07/02/2020,"ORIG CO NAME:NEW JERSEY - AME       ORIG ID:7221546642 DESC DATE:070220 CO ENTRY DESCR:PAYMENT   SEC:PPD    TRACE#:043000262173035 EED:200702   IND ID:                             IND NAME:JONATHAN E-HYGH YEE TRN: 1842173035TC",-149.37,ACH_DEBIT,10721.16,,
DEBIT,07/02/2020,"ORIG CO NAME:AMHERST MEWS HOM       ORIG ID:HOAPAYMENT DESC DATE:       CO ENTRY DESCR:Assn Dues SEC:WEB    TRACE#:122105987614478 EED:200702   IND ID:20801012                     IND NAME:Jonathan Yee TRN: 1847614478TC",-580.00,ACH_DEBIT,10870.53,,
DEBIT,07/02/2020,"GOOGLE  GSUITE_entrepi 650-2530000 CA        07/02",-6.00,DEBIT_CARD,11450.53,,
DEBIT,07/01/2020,"ORIG CO NAME:PUBLIC SERVICE         ORIG ID:4221212800 DESC DATE:       CO ENTRY DESCR:PSEG      SEC:PPD    TRACE#:091000015905172 EED:200701   IND ID:                             IND NAME:JONATHAN YEE TRN: 1835905172TC",-48.32,ACH_DEBIT,11456.53,,
DEBIT,06/29/2020,"ORIG CO NAME:CHASE CREDIT CRD       ORIG ID:4760039224 DESC DATE:200626 CO ENTRY DESCR:AUTOPAYBUSSEC:PPD    TRACE#:021000026432404 EED:200629   IND ID:                             IND NAME:YEE JONATHAN E-HYGH TRN: 1816432404TC",-2073.59,ACH_DEBIT,11504.85,,
DEBIT,06/29/2020,"COSTCO WHSE #0322 BRIDGEWATER NJ     292570  06/27",-150.37,DEBIT_CARD,13578.44,,
DEBIT,06/24/2020,"ORIG CO NAME:EXXONMOBIL             ORIG ID:CITIAUTFDR DESC DATE:200623 CO ENTRY DESCR:AUTO PYMT SEC:WEB    TRACE#:122402155868349 EED:200624   IND ID:720124310480183              IND NAME:FANG CAO TRN: 1765868349TC",-67.26,ACH_DEBIT,13728.81,,
DEBIT,06/22/2020,"COSTCO WHSE #0322 BRIDGEWATER NJ     985241  06/21",-148.81,DEBIT_CARD,13796.07,,
DEBIT,06/15/2020,"COSTCO WHSE #0322 BRIDGEWATER NJ     522010  06/13",-148.69,DEBIT_CARD,13944.88,,
CHECK,06/10/2020,"CHECK 213  ",-20.22,CHECK_PAID,14093.57,213,
DEBIT,06/08/2020,"COSTCO WHSE #0322 BRIDGEWATER NJ     484416  06/06",-210.61,DEBIT_CARD,14113.79,,
DEBIT,06/05/2020,"ORIG CO NAME:PARK CITY 3&4 AP       ORIG ID:1133072978 DESC DATE:JUN 20 CO ENTRY DESCR:MAINT FEESSEC:PPD    TRACE#:026013571470975 EED:200605   IND ID:                             IND NAME:ENTREPIDEA, LLC TRN: 1571470975TC",-587.00,ACH_DEBIT,14324.40,,
DEBIT,06/04/2020,"ORIG CO NAME:CITI AUTOPAY           ORIG ID:CITICARDAP DESC DATE:200603 CO ENTRY DESCR:PAYMENT   SEC:WEB    TRACE#:091409687359512 EED:200604   IND ID:080133938310330              IND NAME:FANG CAO TRN: 1567359512TC",-199.27,ACH_DEBIT,14911.40,,
DEBIT,06/03/2020,"ORIG CO NAME:NEW JERSEY - AME       ORIG ID:7221546642 DESC DATE:060320 CO ENTRY DESCR:PAYMENT   SEC:PPD    TRACE#:043000269124043 EED:200603   IND ID:                             IND NAME:JONATHAN E-HYGH YEE TRN: 1559124043TC",-136.14,ACH_DEBIT,15110.67,,
DEBIT,06/02/2020,"ORIG CO NAME:AMHERST MEWS HOM       ORIG ID:HOAPAYMENT DESC DATE:       CO ENTRY DESCR:Assn Dues SEC:WEB    TRACE#:122105985502477 EED:200602   IND ID:20668414                     IND NAME:Jonathan Yee TRN: 1545502477TC",-580.00,ACH_DEBIT,15246.81,,
DEBIT,06/02/2020,"GOOGLE  GSUITE_entrepi 650-2530000 CA        06/01",-6.00,DEBIT_CARD,15826.81,,
DEBIT,06/01/2020,"ORIG CO NAME:PUBLIC SERVICE         ORIG ID:4221212800 DESC DATE:       CO ENTRY DESCR:PSEG      SEC:PPD    TRACE#:091000010977536 EED:200601   IND ID:                             IND NAME:JONATHAN YEE TRN: 1530977536TC",-119.23,ACH_DEBIT,15832.81,,
DEBIT,06/01/2020,"COSTCO WHSE #0322 BRIDGEWATER NJ     873576  05/30",-140.37,DEBIT_CARD,15952.04,,
DEBIT,05/29/2020,"ORIG CO NAME:IRS                    ORIG ID:3387702000 DESC DATE:052920 CO ENTRY DESCR:USATAXPYMTSEC:CCD    TRACE#:061036016447547 EED:200529   IND ID:270055064484500              IND NAME:ENTREPIDEA LLC TRN: 1506447547TC",-1346.34,ACH_DEBIT,16092.41,,
DEBIT,05/26/2020,"ORIG CO NAME:EXXONMOBIL             ORIG ID:CITIAUTFDR DESC DATE:200525 CO ENTRY DESCR:AUTO PYMT SEC:WEB    TRACE#:122402156685797 EED:200526   IND ID:720098390410606              IND NAME:FANG CAO TRN: 1476685797TC",-63.93,ACH_DEBIT,17438.75,,
DEBIT,05/26/2020,"ORIG CO NAME:CHASE CREDIT CRD       ORIG ID:4760039224 DESC DATE:200526 CO ENTRY DESCR:AUTOPAYBUSSEC:PPD    TRACE#:021000020837467 EED:200526   IND ID:000000000204591              IND NAME:YEE JONATHAN E-HYGH TRN: 1470837467TC",-1662.60,ACH_DEBIT,17502.68,,
DEBIT,05/26/2020,"COSTCO WHSE #0322 BRIDGEWATER NJ     006134  05/23",-210.07,DEBIT_CARD,19165.28,,
DEBIT,05/18/2020,"COSTCO WHSE #0322 BRIDGEWATER NJ     254856  05/16",-118.15,DEBIT_CARD,19375.35,,
DEBIT,05/15/2020,"NEW JERSEY EFT T NJWEB45    091000012172450 CCD ID: 7216000928",-165.18,ACH_DEBIT,19493.50,,
DEBIT,05/15/2020,"NJ GIT / LBR PMT NJWEB82    091000012177338 CCD ID: 7216000928",-414.83,ACH_DEBIT,19658.68,,
DEBIT,05/15/2020,"IRS              USATAXPYMT 270053603574454 CCD ID: 3387702000",-1346.34,ACH_DEBIT,20073.51,,
CREDIT,05/12/2020,"SMALL BUSINESS   N/A CREDIT                 PPD ID: 2112690123",8340.00,ACH_CREDIT,21419.85,,
DEBIT,05/11/2020,"COSTCO WHSE #0322 BRIDGEWATER NJ     560722  05/10",-227.36,DEBIT_CARD,13079.85,,
DEBIT,05/05/2020,"PARK CITY 3&4 AP MAINT FEES                 PPD ID: 1133072978",-756.15,ACH_DEBIT,13307.21,,
DEBIT,05/05/2020,"CITI AUTOPAY     PAYMENT    080108019232696 WEB ID: CITICARDAP",-865.43,ACH_DEBIT,14063.36,,
DEBIT,05/04/2020,"NEW JERSEY - AME PAYMENT                    PPD ID: 7221546642",-142.79,ACH_DEBIT,14928.79,,
DEBIT,05/04/2020,"AMHERST MEWS HOM Assn Dues  20553561        WEB ID: HOAPAYMENT",-580.00,ACH_DEBIT,15071.58,,
DEBIT,05/04/2020,"GOOGLE *GSUITE_entre cc@google.com CA        05/02",-6.00,DEBIT_CARD,15651.58,,
DEBIT,05/01/2020,"PUBLIC SERVICE   PSEG                       PPD ID: 4221212800",-148.64,ACH_DEBIT,15657.58,,
DEBIT,04/27/2020,"CHASE CREDIT CRD AUTOPAYBUS                 PPD ID: 4760039224",-916.28,ACH_DEBIT,15806.22,,
DEBIT,04/24/2020,"EXXONMOBIL       AUTO PYMT  720071606370330 WEB ID: CITIAUTFDR",-65.11,ACH_DEBIT,16722.50,,
CHECK,04/06/2020,"CHECK 211  ",-23.41,CHECK_PAID,16787.61,211,
DEBIT,04/06/2020,"PARK CITY 3&4 AP MAINT FEES                 PPD ID: 1133072978",-788.33,ACH_DEBIT,16811.02,,
DEBIT,04/06/2020,"CITI AUTOPAY     PAYMENT    080081234221769 WEB ID: CITICARDAP",-848.22,ACH_DEBIT,17599.35,,
DEBIT,04/06/2020,"61707 - NORTH GARAGE JERSEY CITY NJ          04/03",-15.00,DEBIT_CARD,18447.57,,
DEBIT,04/03/2020,"NEW JERSEY - AME PAYMENT                    PPD ID: 7221546642",-136.17,ACH_DEBIT,18462.57,,
DEBIT,04/03/2020,"MTA*PATH SMARTCARD/SRT NEW YORK NY   394054  04/03",-2.75,DEBIT_CARD,18598.74,,
DEBIT,04/02/2020,"AMHERST MEWS HOM Assn Dues  18663596        WEB ID: 8887344567",-580.00,ACH_DEBIT,18601.49,,
DEBIT,04/02/2020,"GOOGLE *GSUITE_entre cc@google.com CA        04/02",-6.00,DEBIT_CARD,19181.49,,
DEBIT,04/01/2020,"PUBLIC SERVICE   PSEG                       PPD ID: 4221212800",-184.64,ACH_DEBIT,19187.49,,
DEBIT,03/27/2020,"CHASE CREDIT CRD AUTOPAYBUS                 PPD ID: 4760039224",-2166.96,ACH_DEBIT,19372.13,,
DEBIT,03/24/2020,"EXXONMOBIL       AUTO PYMT  720046586230434 WEB ID: CITIAUTFDR",-113.35,ACH_DEBIT,21539.09,,
CREDIT,03/24/2020,"ATM CHECK DEPOSIT 03/24 54 MORRISTOWN RD BERNARDSVILLE NJ",15000.00,ATM_DEPOSIT,21652.44,,
CHECK,03/20/2020,"CHECK 210  ",-500.00,CHECK_PAID,6652.44,210,
DEBIT,03/18/2020,"NJ WEB PMT 02201 NJWEB02201 091000011495524 CCD ID: 7216000928",-395.00,ACH_DEBIT,7152.44,,
DEBIT,03/10/2020,"NJGovServEW      NJGovServE 609-586-2600    CCD ID: 1522077581",-51.00,ACH_DEBIT,7547.44,,
DEBIT,03/10/2020,"AMHERST MEWS HOM Assn Dues  18538018        WEB ID: 8887344567",-90.00,ACH_DEBIT,7598.44,,
DEBIT,03/05/2020,"NEW JERSEY - AME PAYMENT                    PPD ID: 7221546642",-156.02,ACH_DEBIT,7688.44,,
DEBIT,03/05/2020,"PARK CITY 3&4 AP MAINT FEES                 PPD ID: 1133072978",-755.94,ACH_DEBIT,7844.46,,
DEBIT,03/04/2020,"CITI AUTOPAY     PAYMENT    080054486282522 WEB ID: CITICARDAP",-1129.45,ACH_DEBIT,8600.40,,
DEBIT,03/03/2020,"AMHERST MEWS HOM Assn Dues  18385870        WEB ID: 8887344567",-550.00,ACH_DEBIT,9729.85,,
DEBIT,03/02/2020,"PUBLIC SERVICE   PSEG                       PPD ID: 4221212800",-231.26,ACH_DEBIT,10279.85,,
CHECK,02/26/2020,"CHECK 209  ",-261.32,CHECK_PAID,10511.11,209,
DEBIT,02/26/2020,"CHASE CREDIT CRD AUTOPAYBUS 000000000215246 PPD ID: 4760039224",-1185.14,ACH_DEBIT,10772.43,,
DEBIT,02/24/2020,"EXXONMOBIL       AUTO PYMT  720019802330417 WEB ID: CITIAUTFDR",-113.17,ACH_DEBIT,11957.57,,
CREDIT,02/14/2020,"JPMorgan Chase   Ext Trnsfr 9181490514      CCD ID: 9200502231",10000.00,ACH_CREDIT,12070.74,,
DEBIT,02/13/2020,"IRS              USATAXPYMT 270044484922329 CCD ID: 3387702000",-673.17,ACH_DEBIT,2070.74,,
DEBIT,02/11/2020,"COSTCO WHSE #0322 BRIDGEWATER NJ     075745  02/11",-119.12,DEBIT_CARD,2743.91,,
DEBIT,02/05/2020,"PARK CITY 3&4 AP MAINT FEES                 PPD ID: 1133072978",-755.94,ACH_DEBIT,2863.03,,
DEBIT,02/04/2020,"NEW JERSEY - AME PAYMENT                    PPD ID: 7221546642",-142.80,ACH_DEBIT,3618.97,,
DEBIT,02/04/2020,"AMHERST MEWS HOM Assn Dues  18181846        WEB ID: 8887344567",-550.00,ACH_DEBIT,3761.77,,
DEBIT,02/04/2020,"CITI AUTOPAY     PAYMENT    080029432453045 WEB ID: CITICARDAP",-1547.62,ACH_DEBIT,4311.77,,
DEBIT,01/31/2020,"MONTHLY SERVICE FEE",-12.00,FEE_TRANSACTION,5859.39,,
DEBIT,01/31/2020,"PUBLIC SERVICE   PSEG                       PPD ID: 4221212800",-252.08,ACH_DEBIT,5871.39,,
CHECK,01/30/2020,"CHECK 206  ",-250.00,CHECK_PAID,6123.47,206,
CHECK,01/28/2020,"CHECK 208  ",-830.96,CHECK_PAID,6373.47,208,
DEBIT,01/27/2020,"JPMorgan Chase   Auth Debit 9110679032      CCD ID: 9200502233",-0.32,ACH_DEBIT,7204.43,,
DEBIT,01/27/2020,"NEW JERSEY EFT T NJWEB45    091000011040668 CCD ID: 7216000928",-165.18,ACH_DEBIT,7204.75,,
DEBIT,01/27/2020,"NJ GIT / LBR PMT NJWEB82    091000011046330 CCD ID: 7216000928",-173.95,ACH_DEBIT,7369.93,,
DEBIT,01/27/2020,"CHASE CREDIT CRD AUTOPAYBUS                 PPD ID: 4760039224",-24495.00,ACH_DEBIT,7543.88,,
CREDIT,01/27/2020,"JPMorgan Chase   Auth Crdt  9110679025      CCD ID: 9200502233",0.01,ACH_CREDIT,32038.88,,
CREDIT,01/27/2020,"JPMorgan Chase   Auth Crdt  9110679030      CCD ID: 9200502233",0.31,ACH_CREDIT,32038.87,,
CHECK,01/24/2020,"CHECK 207  ",-34.10,CHECK_PAID,32038.56,207,
DEBIT,01/24/2020,"EXXONMOBIL       AUTO PYMT  723154394380437 WEB ID: CITIAUTFDR",-115.27,ACH_DEBIT,32072.66,,
DSLIP,01/24/2020,"DEPOSIT  ID NUMBER 272430",9000.00,DEPOSIT,32187.93,,
CREDIT,01/24/2020,"ATM CASH DEPOSIT 01/24 25 MOUNTAINVIEW BLVD BASKING RIDGE NJ",8000.00,ATM,23187.93,,
DEBIT,01/14/2020,"ESTATES AT WATER ESTATES AT FT158462125     WEB ID: 2HOA",-310.00,ACH_DEBIT,15187.93,,
DEBIT,01/13/2020,"IRS              USATAXPYMT 270041383566429 CCD ID: 3387702000",-42.00,ACH_DEBIT,15497.93,,
DEBIT,01/13/2020,"IRS              USATAXPYMT 270041351373754 CCD ID: 3387702000",-676.38,ACH_DEBIT,15539.93,,
DEBIT,01/09/2020,"CITI AUTOPAY     RETRY PYMT 080002646331530 WEB ID: CITICARDAP",-771.37,ACH_DEBIT,16216.31,,
CREDIT,01/08/2020,"Transfer from CHK XXXXX6867",20000.00,ACCT_XFER,16987.68,,
CREDIT,01/08/2020,"INSUFFICIENT FUNDS FEE REFUND",30.00,REFUND_TRANSACTION,-3012.32,,
CREDIT,01/08/2020,"INSUFFICIENT FUNDS FEE REFUND",34.00,REFUND_TRANSACTION,-3042.32,,
CREDIT,01/08/2020,"INSUFFICIENT FUNDS FEE REFUND",34.00,REFUND_TRANSACTION,-3076.32,,
CREDIT,01/08/2020,"INSUFFICIENT FUNDS FEE REFUND",34.00,REFUND_TRANSACTION,-3110.32,,
CREDIT,01/08/2020,"INSUFFICIENT FUNDS FEE REFUND",34.00,REFUND_TRANSACTION,-3144.32,,
CREDIT,01/08/2020,"INSUFFICIENT FUNDS FEE REFUND",34.00,REFUND_TRANSACTION,-3178.32,,
DEBIT,01/06/2020,"INSUFFICIENT FUNDS FEE FOR A $128.64 ITEM - DETAILS: NEW JERSEY - AME PAYMENT                    PPD ID: 7221546642",-34.00,FEE_TRANSACTION,-3212.32,,
DEBIT,01/06/2020,"RETURNED ITEM FEE FOR AN UNPAID $755.96 ITEM - DETAILS: PARK CITY 3&4 AP MAINT FEES                 PPD ID: 1133072978",-34.00,FEE_TRANSACTION,-3178.32,,
DEBIT,01/06/2020,"RETURNED ITEM FEE FOR AN UNPAID $771.37 ITEM - DETAILS: CITI AUTOPAY     PAYMENT    080002646331530 WEB ID: CITICARDAP",-34.00,FEE_TRANSACTION,-3144.32,,
DEBIT,01/06/2020,"NEW JERSEY - AME PAYMENT                    PPD ID: 7221546642",-128.64,ACH_DEBIT,-3110.32,,
DEBIT,01/03/2020,"INSUFFICIENT FUNDS FEE FOR A $550.00 ITEM - DETAILS: AMHERST MEWS HOM Assn Dues  17838257        WEB ID: 8887344567",-34.00,FEE_TRANSACTION,-2981.68,,
DEBIT,01/03/2020,"AMHERST MEWS HOM Assn Dues  17838257        WEB ID: 8887344567",-550.00,ACH_DEBIT,-2947.68,,
DEBIT,01/02/2020,"INSUFFICIENT FUNDS FEE FOR A $107.73 CARD PURCHASE WITH PIN - DETAILS: 5256860102COSTCO WHSE #0322 BRIDGEWATER NJ     04563310027978463                                                                                           05",-34.00,FEE_TRANSACTION,-2397.68,,
DEBIT,01/02/2020,"VANGUARD         EDI PYMNTS                 PPD ID: 9231945930",-0.91,ACH_DEBIT,-2363.68,,
DEBIT,01/02/2020,"COSTCO WHSE #0322 BRIDGEWATER NJ     525686  01/02",-107.73,DEBIT_CARD,-2362.77,,
